@UNPUBLISHED{hamlet-s,
author = "Andreas Rossberg",
title = "{HaMLet S}: To Become Or Not To Become Successor ML",
institution = "Universit{\"{a}}t des Saarlandes",
year = 2008, month = 04,
note = "Available from \url{http://www.mpi-sws.org/~rossberg/hamlet/hamlet-succ-1.3.1S5.pdf}"
}

@BOOK{sml97-definition,
author = "Robin Milner and Mads Tofte and Robert Harper and David MacQueen",
title = "The Definition of Standard {ML} --- Revised 1997",
publisher = "The {MIT} Press",
address = "Cambridge, MA",
year = 1997
}

@BOOK{sml-basis-lib,
title = "The {Standard} {ML} Basis Library",
editor = "Emden R. Gansner and John H. Reppy",
publisher = "Cambridge University Press",
address = "Cambridge, England",
year = 2004
}
